@article{HartNilssonandRaphael.1968,
 abstract = {A* Search Algorithm},
 author = {{Peter Hart, Nils Nilsson, and Bertram Raphael}},
 year = {1968},
 title = {A Formal Basis for the Heuristic Determination of Minimum Cost Paths},
}


@article{RinaDechterandJudeaPearl.1983,
 author = {{Rina Dechter and Judea Pearl}},
 year = {1983},
 title = {The Optimality of A* Revisited},
}

@book{Gross.2004,
 abstract = {fm},
 author = {Gross, Jonathan L. and Yellen, Jay},
 year = {2004},
 title = {Handbook of graph theory},
 keywords = {Graph theory;Handbooks, manuals, etc},
 address = {Boca Raton},
 publisher = {{CRC Press}},
 series = {Discrete mathematics and its applications},
}





