
@article{Gu.2018,
	author = {Gu, Xiaotao and Yang, Hong and Tang, Jie and Zhang, Jing and Zhang, Fanjin and Liu, Debing and Hall, Wendy and Fu, Xiao},
	year = {2018},
	title = {{Profiling Web users using big data}},
	pages = {14},
	volume = {8},
	number = {1},
	issn = {1869-5450},
	journal = {{Social Network Analysis and Mining}},
	doi = {10.1007/s13278-018-0495-0}
}


