@article{Man18,
	author = {{Mansuri, Shabina Banu and Kumar, Shiv}},
	title = {{Comparative Analysis of Path Finding Algorithms}},
	year = {2018},
	institution = {M.Tech Scholar, Computer Science & Engineering, Mewar University Gangrar, India},
	publisher = {IOSR Journal of Computer Engineering (IOSR-JCE)},
	volume = {20},
	issue = {5},
	pages = {38-45}
}



@article{Kri09,
	author = {Krishnaswamy, Nikhil},
	title = {{Comparison of Efficiency in Pathfinding Algorithms in Game Development}},
	pages = {628-649},
	institution = {DePaul University},
	year = {2009},
}


@article{Noo15,
	author = {{Noorim, Azad and Moradi, Farzad}},
	title = {{Simulation and Comparison of Efficency in Pathfinding algorithms in Games}},
	year = {2015},
	institution = {Department of Computer at Technical and Vocational University}
}



@article{PBAS18,
	title={Comparative analysis of pathfinding algorithms a*, dijkstra, and bfs on maze runner game},
	author={Permana, SD Handy and Bintoro, KB Yogha and Arifitama, Budi and Syahputra, Ade},
	journal={International Journal Of Information System and Technology, vol. 1, no. 2, p. 1},
	year={2018}
}



@article{MGG12,
	title={Scalable GPU graph traversal},
	author={Merrill, Duane and Garland, Michael and Grimshaw, Andrew},
	journal={Acm Sigplan Notices},
	volume={47},
	number={8},
	pages={117--128},
	year={2012},
	publisher={ACM New York, NY, USA}
}


@inproceedings{HT13,
title={Efficient hybrid breadth-first search on GPUs},
author={Hiragushi, Takaaki and Takahashi, Daisuke},
booktitle={International Conference on Algorithms and Architectures for Parallel Processing},
pages={40-50},
year={2013},
organization={Springer}
}

@inproceedings{KB15,
	title={Examination of Representational Expression in Maze Generation Algorithms},
	author={Kozlova, Aliona and Brown, Joseph Alexander},
	booktitle={2015 IEEE Conference on Computational Intelligence and Games (CIG)},
	pages={532--533},
	year={2015},
	organization={IEEE}
}



@article{BAN17,
	author = {Bozyigit, Alican and Alankus, Gazihan and Nasiboglu, Efendi},
	title = {{Public transport route planning: Modified dijkstra's algorithm}},
	pages = {502--505},
	publisher = {IEEE},
	isbn = {978-1-5386-0930-9},
	booktitle = {{2017 International Conference on Computer Science and Engineering (UBMK)}},
	year = {05.10.2017 - 08.10.2017},
	doi = {10.1109/UBMK.2017.8093444}
}



@article{DCZM12,
	title={Fuzzy Dijkstra algorithm for shortest path problem under uncertain environment},
	author={Deng, Yong and Chen, Yuxin and Zhang, Yajuan and Mahadevan, Sankaran},
	journal={Applied Soft Computing},
	volume={12},
	number={3},
	pages={1231-1237},
	year={2012},
	publisher={Elsevier}
}



@book{HH15,
	year = {2015},
	title = {{A Dijkstra Algorithm Based Multi-layer Satellite Network Routing Mechanism}},
	publisher = {{Springer International Publishing}},
	isbn = {978-3-319-22052-9},
	series = {{Lecture Notes in Computer Science}},
	editor = {Huang, De-Shuang and Han, Kyungsook}.
	author = {Sun, Yinchu and Wang, Xingwei and Li, Fuliang and Huang, Min}
}

@inproceedings{JYA14,
	title={Load Balancing and Multicasting Using the Extended Dijkstra's Algorithm in Software Defined Networking.},
	author={Jiang, Jehn-Ruey and Yahya, Widhi and Ananta, Mahardeka Tri},
	booktitle={ICS},
	pages={2123--2132},
	year={2014}
}


@article{You19,
	author = {{Young and Julio Christian and Suryadibrata Alethea and Luhulima, Richard}},
	title = {{Review of Various A* Pathfinding Implementations in Game Autonomous Agent}},
	institution = {Universitas Multimedia Nusantara},
	publisher = {UJNMT},
	volume = {6},
	number = {1},
	year = {2019}
}

@article{Bot04,
	author = {{Botea, Adi and Müller, Martin and Schäffer, Botea}},
	title = {{Near Optimal Hierarchical Path-Finding}},
	institution = {University of Alberta},
	year = {2004}
}


@article{LSC08,
	author = {{Le Duc}, Minh and Sidhu, Amandeep Singh and Chaudhari, Narendra S.},
	year = {2008},
	title = {{Hierarchical Pathfinding and AI-Based Learning Approach in Strategy Game Design}},
	volume = {2008},
	issn = {1687-7047},
	journal = {{International Journal of Computer Games Technology}},
	doi = {10.1155/2008/873913}
}


@article{Kri10,
	author = {{Kring, Alex and Champandard, Alex J. and Samarin, Nick}},
	title = {{DHPA* and SHPA*: Efficient Hierarchical Pathfinding in Dynamic and Static Game Worlds}},
	year = {2010},
	publischer = {Proceedings of the Sixth AAAI Conference on Artificial Intelligence and Interactive Digital Entertainment}
}


@article{JB07,
	title = {Proceedings of the Third Artificial Intelligence for Interactive Digital Entertainment Conference},
	author = { Jansen, M. Renee and Buro, Alex},
	title = {{HPA* Enhancements}},
	year = {2007},
	institution = {University of Alberta}
}


@article{LP80,
	author = {Lozano-Perez, Tomas},
	title = {{Automatic Planning of Manipulator Transfer Movements}},
	institution = {Masachusetts Institute of Technology},
	year = {1980},
}


@article{LPAW79,
	title = {An Algorithm for Planning Collision-Free Paths Among Polyhedral Obstacles},
	year = {1979},
	author = {Lozano-Perez, Tomfis and A. Wesley, Michael},
	institution = {Watson Research Center},
}


@article{Cai09,
	year = {2009},
	title = {{Information-driven sensor path planning by approximate cell decomposition}},
	pages = {672-689},
	volume = {39},
	number = {3},
	journal = {{IEEE transactions on systems, man, and cybernetics. Part B, Cybernetics : a publication of the IEEE Systems, Man, and Cybernetics Society}},
	doi = {10.1109/TSMCB.2008.2008561},
	author = {{Cai, Chenghui and Ferrari, Silvia}}
}



@article{LB91,
	author = {Latombe, Jean-Claude and Barraquand, Jerome},
	title = {{Robot Motion Planning: A Distributed Representation Approach}},
	pages = {628-649},
	publisher = {The International Journal of Robotics Research},
	journal = {{2017 International Cofnference on Computer Science and Engineering (UBMK)}},
	volume = {10},
	number = {6},
	year = {1991},
}



@article{Lee82,
	title={Medial axis transformation of a planar shape},
	author={Lee, Der-Tsai},
	journal={IEEE Transactions on pattern analysis and machine intelligence},
	number={4},
	pages={363--369},
	year={1982},
	publisher={IEEE}
}


@article{AOD17,
	author = {{Abdul Latip}, Nor Badariyah and Omar, Rosli and Debnath, Sanjoy Kumar},
	year = {2017},
	title = {{Optimal Path Planning using Equilateral Spaces Oriented Visibility Graph Method}},
	pages = {3046},
	volume = {7},
	number = {6},
	issn = {2088-8708},
	journal = {{International Journal of Electrical and Computer Engineering (IJECE)}},
	doi = {10.11591/ijece.v7i6.pp3046-3051}
}


@article{GYT18,
	author = {Gu, Xiaotao and Yang, Hong and Tang, Jie and Zhang, Jing and Zhang, Fanjin and Liu, Debing and Hall, Wendy and Fu, Xiao},
	year = {2018},
	title = {{Profiling Web users using big data}},
	pages = {14},
	volume = {8},
	number = {1},
	issn = {1869-5450},
	journal = {{Social Network Analysis and Mining}},
	doi = {10.1007/s13278-018-0495-0}
}

@article{Bel58,
	title={On a routing problem},
	author={Bellman, Richard},
	journal={Quarterly of applied mathematics},
	volume={16},
	number={1},
	pages={87--90},
	year={1958}
}

@techreport{Hed88,
	title={Routing information protocol},
	author={Hedrick, Charles},
	year={1988},
	institution={RFC 1058, Rutgers University}
}










